<?xml version="1.0" encoding="UTF-8"?><collection xmlns="http://www.loc.gov/MARC21/slim"><record><leader>00320nam--2200121-i-4500</leader><controlfield tag="001">000043581</controlfield><controlfield tag="002">20161230</controlfield><controlfield tag="005">20161230201044</controlfield><controlfield tag="008">060222s1000------------r-----000-0-eng-d</controlfield><datafield ind1=" " ind2=" " tag="100"><subfield code="a">Tanaka,H., Ito,D., Minami,S</subfield></datafield><datafield ind1=" " ind2=" " tag="245"><subfield code="a">A note on an acausality test</subfield></datafield><datafield ind1=" " ind2=" " tag="260"><subfield code="a">Bologna, Inst.Di Fisica Dell`Univ.,1958. 9 P</subfield></datafield><datafield ind1=" " ind2=" " tag="852"><subfield code="a">5840</subfield></datafield></record></collection>